<record><leader>00000cas a22000007a 4500</leader><controlfield tag="001">10447841</controlfield><controlfield tag="008">840223d18601887paudn ne      0    0ger d</controlfield><datafield ind1=" " ind2=" " tag="010"><subfield code="a">sn 84026450 </subfield></datafield><datafield ind1=" " ind2=" " tag="040"><subfield code="a">NPU</subfield><subfield code="b">eng</subfield><subfield code="c">NPU</subfield><subfield code="d">OCL</subfield><subfield code="d">NPH</subfield><subfield code="d">NPX</subfield><subfield code="d">NPH</subfield><subfield code="d">YOX</subfield><subfield code="d">OCL</subfield><subfield code="d">KRTAS</subfield><subfield code="d">OCLCQ</subfield><subfield code="d">OCLCF</subfield><subfield code="d">OCLCO</subfield><subfield code="d">OCLCQ</subfield></datafield><datafield ind1="0" ind2=" " tag="041"><subfield code="a">ger</subfield><subfield code="a">eng</subfield></datafield><datafield ind1=" " ind2=" " tag="042"><subfield code="a">msc</subfield></datafield><datafield ind1=" " ind2=" " tag="043"><subfield code="a">n-us-pa</subfield></datafield><datafield ind1="0" ind2="0" tag="245"><subfield code="a">Philadelphia freie Presse.</subfield></datafield><datafield ind1="1" ind2="3" tag="246"><subfield code="a">Philad'a freie Presse</subfield></datafield><datafield ind1=" " ind2=" " tag="260"><subfield code="a">Philadelphia, Pa. :</subfield><subfield code="b">F.W. Thomas,</subfield><subfield code="c">1860-1887.</subfield></datafield><datafield ind1=" " ind2=" " tag="300"><subfield code="a">volumes :</subfield><subfield code="b">illustrations (chiefly advertisements) ;</subfield><subfield code="c">69 cm</subfield></datafield><datafield ind1=" " ind2=" " tag="310"><subfield code="a">Daily (except Sun.)</subfield></datafield><datafield ind1=" " ind2=" " tag="336"><subfield code="a">text</subfield><subfield code="b">txt</subfield><subfield code="2">rdacontent</subfield></datafield><datafield ind1=" " ind2=" " tag="337"><subfield code="a">unmediated</subfield><subfield code="b">n</subfield><subfield code="2">rdamedia</subfield></datafield><datafield ind1=" " ind2=" " tag="338"><subfield code="a">volume</subfield><subfield code="b">nc</subfield><subfield code="2">rdacarrier</subfield></datafield><datafield ind1="0" ind2=" " tag="362"><subfield code="a">Jahrg. 13, Nr. 1 (2. Jan. 1860)-Jahrg. 40, Nr. 309 (31. Dez. 1887).</subfield></datafield><datafield ind1=" " ind2=" " tag="500"><subfield code="a">Publishers: F.W. Thomas, Jan. 2, 1860-&lt;Dec. 30, 1865&gt;; F.W. Thomas &amp; Sohn, &lt;Jan. 2, 1866&gt;-Apr. 30, 1869; F.W. Thomas &amp; So&#776;hne, May 1, 1869-May 3, 1880; [s.n.], May 24-July 12, 1880; Freie Press Pub. Assoc., July 13, 1880-Dec. 31, 1887.</subfield></datafield><datafield ind1=" " ind2=" " tag="515"><subfield code="a">Suspended publication May 3-24, 1880.</subfield></datafield><datafield ind1=" " ind2=" " tag="546"><subfield code="a">In German; some notices in English.</subfield></datafield><datafield ind1=" " ind2=" " tag="580"><subfield code="a">Weekly ed.: Republikanische Flagge.</subfield></datafield><datafield ind1=" " ind2=" " tag="580"><subfield code="a">Sunday eds.: Sonntags-Blatt der freien Presse; Philadelphier Sonntags-Blatt; Philadelphia Sonntags-Blatt (Philadelphia, Pa. : 1874); Sonntagsblatt und Familien-Journal.</subfield></datafield><datafield ind1=" " ind2="0" tag="650"><subfield code="a">Germans</subfield><subfield code="z">Pennsylvania</subfield><subfield code="v">Newspapers.</subfield></datafield><datafield ind1=" " ind2="0" tag="651"><subfield code="a">Philadelphia (Pa.)</subfield><subfield code="v">Newspapers.</subfield></datafield><datafield ind1=" " ind2="7" tag="650"><subfield code="a">Germans.</subfield><subfield code="2">fast</subfield><subfield code="0">(OCoLC)fst00942100</subfield></datafield><datafield ind1=" " ind2="7" tag="651"><subfield code="a">Pennsylvania.</subfield><subfield code="2">fast</subfield><subfield code="0">(OCoLC)fst01204598</subfield></datafield><datafield ind1=" " ind2="7" tag="651"><subfield code="a">Pennsylvania</subfield><subfield code="z">Philadelphia.</subfield><subfield code="2">fast</subfield><subfield code="0">(OCoLC)fst01204170</subfield></datafield><datafield ind1=" " ind2="7" tag="655"><subfield code="a">Newspapers.</subfield><subfield code="2">fast</subfield><subfield code="0">(OCoLC)fst01423814</subfield></datafield><datafield ind1=" " ind2=" " tag="752"><subfield code="a">United States</subfield><subfield code="b">Pennsylvania</subfield><subfield code="c">Philadelphia</subfield><subfield code="d">Philadelphia.</subfield></datafield><datafield ind1="1" ind2=" " tag="775"><subfield code="t">Republikanische Flagge</subfield><subfield code="w">(DLC)sn 86081693</subfield></datafield><datafield ind1="1" ind2=" " tag="775"><subfield code="t">Sonntags-Blatt der freien Presse</subfield><subfield code="w">(DLC)sn 87078164</subfield><subfield code="w">(OCoLC)14992749</subfield></datafield><datafield ind1="1" ind2=" " tag="775"><subfield code="t">Philadelphier Sonntags-Blatt</subfield><subfield code="w">(DLC)sn 87078163</subfield><subfield code="w">(OCoLC)14992744</subfield></datafield><datafield ind1="1" ind2=" " tag="775"><subfield code="t">Philadelphia Sonntags-Blatt (Philadelphia, Pa. : 1874)</subfield><subfield code="w">(DLC)sn 93062860</subfield></datafield><datafield ind1="1" ind2=" " tag="775"><subfield code="t">Sonntagsblatt und Familien-Journal</subfield></datafield><datafield ind1="0" ind2="0" tag="780"><subfield code="t">Freie Presse (Philadelphia, Pa.)</subfield><subfield code="w">(DLC)sn 87052042</subfield></datafield><datafield ind1=" " ind2=" " tag="938"><subfield code="a">Kirtas Technologies, Inc.</subfield><subfield code="b">KRTS</subfield><subfield code="n">738210</subfield></datafield></record>